<?xml version="1.0" encoding="UTF-8"?><collection xmlns="http://www.loc.gov/MARC21/slim"><record><leader>00443nam--2200145-i-4500</leader><controlfield tag="001">000026129</controlfield><controlfield tag="002">20161230</controlfield><controlfield tag="005">20161230201036</controlfield><controlfield tag="008">060222s1000------------r-----000-0-eng-d</controlfield><datafield ind1=" " ind2=" " tag="080"><subfield code="a">512.881(061.3)</subfield></datafield><datafield ind1=" " ind2=" " tag="100"><subfield code="a">Kaneyuki, Soji</subfield></datafield><datafield ind1=" " ind2=" " tag="245"><subfield code="a">Homogeneous bounded domains and siegel domains</subfield></datafield><datafield ind1=" " ind2=" " tag="260"><subfield code="a">Berlin, Springer-verlag, 1971, Iv + 89p</subfield></datafield><datafield ind1=" " ind2=" " tag="490"><subfield code="a">Lecture Notes In Mathematics. A Collection Of Informal Report And Seminars</subfield></datafield><datafield ind1=" " ind2=" " tag="852"><subfield code="a">43199</subfield></datafield></record></collection>